% Encoding: UTF-8

@Article{SabiEtAl2016,
  author       = {Sabi, Humphrey M. and Uzoka, Faith-Michael E. and Langmia, Kehbuma and Njeh, Felix M.},
  title        = {Conceptualizing a model for adoption of cloud computing in education},
  journaltitle = {International Journal of Information Management},
  year         = {2016},
  volume       = {36},
  number       = {2},
  pages        = {183--191},
  doi          = {10.1016/j.ijinfomgt.2015.11.010},
  url          = {http://www.sciencedirect.com/science/article/pii/S0268401215001115},
}

@Online{LewisFowler2014,
  author    = {Lewis, James and Fowler, Martin},
  title     = {Microservices: a definition of this new architectural term},
  date      = {2014-03-25},
  url       = {http://martinfowler.com/articles/microservices.html},
  urldate   = {2016-09-01},
}

@Online{Hykes2013,
  author    = {Solomon Hykes},
  title     = {The future of Linux Containers (PyCon 2013)},
  date      = {2013-03-21},
  url       = {https://www.youtube.com/watch?v=wW9CAH9nSLs},
  urldate   = {2016-09-01},
}

@Online{Deng2023,
  author = {Xinjie, Deng and Zhonggen, Yu},
  date   = {2023-01-06},
  title  = {A Meta-Analysis and Systematic Review of the Effect of Chatbot Technology Use in Sustainable Education},
  url    = {https://www.mdpi.com/2071-1050/15/4/2940},
  owner  = {JarnoMornae},
}

@Online{Schlicht2016,
  author = {Matt Schlicht},
  date   = {2016-04-20},
  title  = {The Complete Beginnerâ€™s Guide To Chatbots},
  url    = {https://chatbotsmagazine.com/the-complete-beginner-s-guide-to-chatbots-8280b7b906ca},
  owner  = {JarnoMornae},
}

@Article{Techlabs2017,
  author       = {Maruti Techlabs},
  date         = {2017-09-22},
  journaltitle = {Chatbots Magazine},
  title        = {What Are The Inner Workings of a Chatbot?},
  owner        = {JarnoMornae},
}

 
@Article{AitBaha2023,
  author       = {Ait Baha, Tarek and El Hajji, Mohamed and Es-Saady, Youssef and Fadili, Hammou},
  date         = {2023-09},
  journaltitle = {Education and Information Technologies},
  title        = {The impact of educational chatbot on student learning experience},
  doi          = {10.1007/s10639-023-12166-w},
  issn         = {1573-7608},
  owner        = {JarnoMornae},
  publisher    = {Springer Science and Business Media LLC},
}

@Comment{jabref-meta: databaseType:biblatex;}
