% Encoding: UTF-8

@book{Knuth1998,
 author = {Knuth, Donald E.},
 title = {The art of computer programming,  volume 3: (2nd ed.) sorting and searching},
 year = {1998},
 publisher = {Addison Wesley Longman Publishing Co., Inc.},
 address = {Redwood City, CA, USA}
}

@book{Pollefliet2011,
  author = {Pollefliet, Leen},
  title = {Schrijven van verslag tot eindwerk: do's en don'ts},
  year = {2011},
  publisher = {Academia Press},
  address = {Gent}
}

@article{Creeger2009,
  author = {Creeger, Mache},
  journal = {Communications of the ACM},
  number = {8},
  pages = {50--56},
  title = {{CTO Roundtable: Cloud Computing}},
  volume = {52},
  year = {2009}
}

 
@Article{AitBaha2023,
  author       = {Ait Baha, Tarek and El Hajji, Mohamed and Es-Saady, Youssef and Fadili, Hammou},
  date         = {2023-09},
  journaltitle = {Education and Information Technologies},
  title        = {The impact of educational chatbot on student learning experience},
  doi          = {10.1007/s10639-023-12166-w},
  issn         = {1573-7608},
  owner        = {JarnoMornae},
  publisher    = {Springer Science and Business Media LLC},
}

@Online{Xinjie2023,
  author = {Xinjie, Deng and Zhonggen, Yu},
  date   = {2023-01-06},
  title  = {A Meta-Analysis and Systematic Review of the Effect of Chatbot Technology Use in Sustainable Education},
  url    = {https://www.mdpi.com/2071-1050/15/4/2940},
  owner  = {JarnoMornae},
}

@Online{Hykes2013,
  author  = {Solomon Hykes},
  date    = {2013-03-21},
  title   = {The future of Linux Containers (PyCon 2013)},
  url     = {https://www.youtube.com/watch?v=wW9CAH9nSLs},
  urldate = {2016-09-01},
  owner   = {JarnoMornae},
}

@Online{Lewis2014,
  author  = {Lewis, James and Fowler, Martin},
  date    = {2014-03-25},
  title   = {Microservices: a definition of this new architectural term},
  url     = {http://martinfowler.com/articles/microservices.html},
  urldate = {2016-09-01},
  owner   = {JarnoMornae},
}

@Article{Sabi2016,
  author       = {Sabi, Humphrey M. and Uzoka, Faith-Michael E. and Langmia, Kehbuma and Njeh, Felix M.},
  date         = {2016},
  journaltitle = {International Journal of Information Management},
  title        = {Conceptualizing a model for adoption of cloud computing in education},
  doi          = {10.1016/j.ijinfomgt.2015.11.010},
  number       = {2},
  pages        = {183--191},
  url          = {http://www.sciencedirect.com/science/article/pii/S0268401215001115},
  volume       = {36},
  owner        = {JarnoMornae},
}

@Online{Schlicht2016,
  author = {Matt Schlicht},
  date   = {2016-04-20},
  title  = {The Complete Beginnerâ€™s Guide To Chatbots},
  url    = {https://chatbotsmagazine.com/the-complete-beginner-s-guide-to-chatbots-8280b7b906ca},
  owner  = {JarnoMornae},
}

@Article{Techlabs2017,
  author       = {Maruti Techlabs},
  date         = {2017-09-22},
  journaltitle = {Chatbots Magazine},
  title        = {What Are The Inner Workings of a Chatbot?},
  owner        = {JarnoMornae},
}

 
@Book{Spector2022,
  author    = {Spector, J. Michael and Morel, Gwendolyn M.},
  date      = {2022-08},
  title     = {Foundations of Educational Technology: Integrative Approaches and Interdisciplinary Perspectives},
  doi       = {10.4324/9781003268406},
  isbn      = {9781003268406},
  publisher = {Routledge},
  owner     = {JarnoMornae},
}

 
@Article{Kuhail2022,
  author       = {Kuhail, Mohammad Amin and Alturki, Nazik and Alramlawi, Salwa and Alhejori, Kholood},
  date         = {2022-07},
  journaltitle = {Education and Information Technologies},
  title        = {Interacting with educational chatbots: A systematic review},
  doi          = {10.1007/s10639-022-11177-3},
  issn         = {1573-7608},
  number       = {1},
  pages        = {973--1018},
  volume       = {28},
  owner        = {JarnoMornae},
  publisher    = {Springer Science and Business Media LLC},
}

@Comment{jabref-meta: databaseType:biblatex;}
